# OLD #

@inproceedings{haber1990time,
  title={How to time-stamp a digital document},
  author={Haber, Stuart and Stornetta, W Scott},
  booktitle={Conference on the Theory and Application of Cryptography},
  pages={437--455},
  year={1990},
  organization={Springer},
  url={https://dl.acm.org/doi/10.1007/BF00196791}
}

@article{parliamentLamport,
  author = {Lamport, Leslie},
  title = {The Part-Time Parliament},
  year = {1998},
  issue_date = {May 1998},
  publisher = {Association for Computing Machinery},
  address = {New York, NY, USA},
  volume = {16},
  number = {2},
  issn = {0734-2071},
  url = {https://doi.org/10.1145/279227.279229},
  doi = {10.1145/279227.279229},
  abstract = {Recent archaeological discoveries on the island of Paxos reveal that the parliament functioned despite the peripatetic propensity of its part-time legislators. The legislators maintained consistent copies of the parliamentary record, despite their frequent forays from the chamber and the forgetfulness of their messengers. The Paxon parliament's protocol provides a new way of implementing the state machine approach to the design of distributed systems.},
  journal = {ACM Trans. Comput. Syst.},
  month = {may},
  pages = {133–169},
  numpages = {37},
  keywords = {voting, state machines, three-phase commit}
}

@article{benalohBroadcast,
  title={Efficient broadcast time-stamping},
  author={Benaloh, Josh and de Mare, Michael},
  journal={Clarkson University Department of Mathematics and Computer Science TR},
  url={https://citeseerx.ist.psu.edu/viewdoc/download?doi=10.1.1.38.9199&rep=rep1&type=pdf},
  pages={91--1},
  year={1991},
  publisher={Citeseer}
}

@inproceedings{douceurSybil,
  title={The sybil attack},
  author={Douceur, John R},
  booktitle={International workshop on peer-to-peer systems},
  pages={251--260},
  year={2002},
  organization={Springer}
}

@inproceedings{dworkPricing,
  title={Pricing via processing or combatting junk mail},
  author={Dwork, Cynthia and Naor, Moni},
  booktitle={Annual international cryptology conference},
  pages={139--147},
  year={1992},
  organization={Springer}
}

@inproceedings{castroPractical,
  title={Practical byzantine fault tolerance},
  author={Castro, Miguel and Liskov, Barbara and others},
  booktitle={OsDI},
  volume={99},
  pages={173--186},
  year={1999}
}

@article{szaboSmart,
  title={Formalizing and securing relationships on public networks},
  author={Szabo, Nick},
  journal={First monday},
  year={1997}
}

#####

@article{zileUseCases,
  author={Zīle, Kaspars and Strazdiņa, Renāte},
  address= {Warsaw Poland :},
  issn ={2255-8683},
  journal = {Applied computer systems.},
  lccn = {2015204120},
  number = {1},
  publisher = {Versita},
  title = {Blockchain Use Cases and Their Feasibility},
  volume = {23},
  year = {2018-05-01},
  url = {https://www.sciendo.com/pdf/10.2478/acss-2018-0002},
}

@article{nakamoto2008bitcoin,
  title={Bitcoin: A peer-to-peer electronic cash system},
  author={Nakamoto, Satoshi},
  journal={Decentralized Business Review},
  pages={21260},
  year={2008},
  url={https://bitcoin.org/bitcoin.pdf}
}

@article{sankaScalability,
  author = {Sanka, Abdurrashid Ibrahim and Cheung, Ray CC},
  address = {London :},
  issn = {1084-8045},
  journal = {Journal of network and computer applications},
  lccn = {sn 97006444},
  publisher = {Academic Press,},
  title = {A systematic review of blockchain scalability: Issues, solutions, analysis and future research},
  volume = {195},
  year = {2021-12},
  url = {https://www.sciencedirect.com/science/article/abs/pii/S1084804521002307}
}

# Critical, use cases
@inproceedings{wustBlockchainNeed,
  author = {Wüst, Karl and Gervais, Arthur},
  address = {Los Alamitos, California :},
  booktitle = {CVCBT 2018 : 2018 Crypto Valley Conference on Blockchain Technology : proceedings : 20-22 June 2018, Zug, Switzerland /},
  isbn = {1-5386-7205-7},
  publisher = {IEEE Computer Society,},
  series = {2018 Crypto Valley Conference on Blockchain Technology (CVCBT)},
  title = {Do you Need a Blockchain?},
  year = {2018-6},
  url={https://eprint.iacr.org/2017/375.pdf}
}

@inproceedings{bonneauPerspectives,
  title={Sok: Research perspectives and challenges for bitcoin and cryptocurrencies},
  author={Bonneau, Joseph and Miller, Andrew and Clark, Jeremy and Narayanan, Arvind and Kroll, Joshua A and Felten, Edward W},
  booktitle={2015 IEEE symposium on security and privacy},
  pages={104--121},
  year={2015},
  organization={IEEE}
}

@article{NISTblockchain,
   title={Blockchain technology overview},
   url={http://dx.doi.org/10.6028/NIST.IR.8202},
   DOI={10.6028/nist.ir.8202},
   publisher={National Institute of Standards and Technology},
   author={Yaga, Dylan and Mell, Peter and Roby, Nik and Scarfone, Karen},
   year={2018},
   month={Oct} 
}

@inproceedings{andryukhinPhish,
  author={Andryukhin, A.A.},
  booktitle={2019 International Conference on Engineering Technologies and Computer Science (EnT)}, 
  title={Phishing Attacks and Preventions in Blockchain Based Projects}, 
  year={2019},
  volume={},
  number={},
  pages={15-19},
  doi={10.1109/EnT.2019.00008}
}

@article{stolfiNISTReview,
  author={Stolfi, Jorge},
  year={2018},
  title={{Review of NIST Blockchain Technology Overview draft}},
  url={https://www.ic.unicamp.br/~stolfi/temp/nist-report-review.pdf}
}

@inproceedings{banoConsensus,
  publisher = {Association for Computing Machinery},
  series = {AFT '19: 1st ACM Conference on Advances in Financial Technologies},
  title = {SoK: Consensus in the age of blockchains},
  author = {Bano, Shehar and Sonnino, Alberto and Al-Bassam, Mustafa and Azouvi, Sarah and McCorry, Patrick and Meiklejohn, Sarah and Danezis, George},
  booktitle = {Proceedings of the 1st ACM Conference on Advances in Financial Technologies},
  isbn = {1-4503-6732-1},
  year = {2019},
  doi = {10.1145/3318041.3355458}
}

@article{zhengChallenges,
  title={Blockchain challenges and opportunities: A survey},
  author={Zheng, Zibin and Xie, Shaoan and Dai, Hong-Ning and Chen, Xiangping and Wang, Huaimin},
  journal={International journal of web and grid services},
  volume={14},
  number={4},
  pages={352--375},
  year={2018},
  publisher={Inderscience Publishers (IEL)},
  url={https://allquantor.at/blockchainbib/pdf/zheng2018blockchain.pdf}
}

@article{monratSurvey,
  title={A survey of blockchain from the perspectives of applications, challenges, and opportunities},
  author={Monrat, Ahmed Afif and Schel{\'e}n, Olov and Andersson, Karl},
  journal={IEEE Access},
  volume={7},
  pages={117134--117151},
  year={2019},
  publisher={IEEE}
}

@article{blandinBenchmark,
  title={3rd global cryptoasset benchmarking study},
  author={Blandin, Apolline and Pieters, Gina C and Wu, Yue and Dek, Anton and Eisermann, Thomas and Njoki, Damaris and Taylor, Sean},
  journal={SSRN},
  year={2020},
  doi={10.2139/ssrn.3700822},
  url={http://www.jbs.cam.ac.uk/wp-content/uploads/2021/01/2021-ccaf-3rd-global-cryptoasset-benchmarking-study.pdf}
}

@article{solatPermissionless,
  title={Permissioned vs. Permissionless Blockchain: How and Why There Is Only One Right Choice.},
  author={Solat, Siamak and Calvez, Philippe and Na{\"\i}t-Abdesselam, Farid},
  journal={J. Softw.},
  volume={16},
  number={3},
  pages={95--106},
  year={2021}
}

@inproceedings{altarawnehTrilemma,
  title={Buterin's scalability trilemma viewed through a state-change-based classification for common consensus algorithms},
  author={Altarawneh, Amani and Herschberg, Tom and Medury, Sai and Kandah, Farah and Skjellum, Anthony},
  booktitle={2020 10th Annual Computing and Communication Workshop and Conference (CCWC)},
  pages={0727--0736},
  year={2020},
  organization={IEEE}
}

@article{maullDistributed,
  title={Distributed ledger technology: Applications and implications},
  author={Maull, Roger and Godsiff, Phil and Mulligan, Catherine and Brown, Alan and Kewell, Beth},
  journal={Strategic Change},
  volume={26},
  number={5},
  pages={481--489},
  year={2017},
  publisher={Wiley Online Library}
}

@article{stollCarbon,
  title={The carbon footprint of bitcoin},
  author={Stoll, Christian and Klaa{\ss}en, Lena and Gallersd{\"o}rfer, Ulrich},
  journal={Joule},
  volume={3},
  number={7},
  pages={1647--1661},
  year={2019},
  publisher={Elsevier}
}

@inproceedings{chenComparative,
  title={A comparative testing on performance of blockchain and relational database: Foundation for applying smart technology into current business systems},
  author={Chen, Si and Zhang, Jinyu and Shi, Rui and Yan, Jiaqi and Ke, Qing},
  booktitle={International Conference on Distributed, Ambient, and Pervasive Interactions},
  pages={21--34},
  year={2018},
  organization={Springer}
}

@article{romanoBeyond,
  title={Beyond bitcoin: A critical look at blockchain-based systems},
  author={Romano, Diego and Schmid, Giovanni},
  journal={Cryptography},
  volume={1},
  number={2},
  pages={15},
  year={2017},
  publisher={Multidisciplinary Digital Publishing Institute}
}

@article{troncosoSystematizing,
  title={Systematizing decentralization and privacy: Lessons from 15 years of research and deployments},
  author={Troncoso, Carmela and Isaakidis, Marios and Danezis, George and Halpin, Harry},
  journal={Proceedings on Privacy Enhancing Technologies},
  volume={2017},
  number={4},
  pages={404--426},
  year={2017}
}

@article{liSecurity,
  title={A survey on the security of blockchain systems},
  author={Li, Xiaoqi and Jiang, Peng and Chen, Ting and Luo, Xiapu and Wen, Qiaoyan},
  journal={Future Generation Computer Systems},
  volume={107},
  pages={841--853},
  year={2020},
  publisher={Elsevier}
}

@article{zhangSecurity,
  title={Security and privacy on blockchain},
  author={Zhang, Rui and Xue, Rui and Liu, Ling},
  journal={ACM Computing Surveys (CSUR)},
  volume={52},
  number={3},
  pages={1--34},
  year={2019},
  publisher={ACM New York, NY, USA}
}

@inproceedings{halpinIntroduction,
  title={Introduction to Security and Privacy on the Blockchain},
  author={Halpin, Harry and Piekarska, Marta},
  booktitle={2017 IEEE European Symposium on Security and Privacy Workshops (EuroS\&PW)},
  pages={1--3},
  year={2017},
  organization={IEEE}
}

@article{partalaZero,
  title={Non-interactive zero-knowledge for blockchain: A survey},
  author={Partala, Juha and Nguyen, Tri Hong and Pirttikangas, Susanna},
  journal={IEEE Access},
  volume={8},
  pages={227945--227961},
  year={2020},
  publisher={IEEE}
}

@inproceedings{narulaZkledger,
  title={$\{$zkLedger$\}$:$\{$Privacy-Preserving$\}$ Auditing for Distributed Ledgers},
  author={Narula, Neha and Vasquez, Willy and Virza, Madars},
  booktitle={15th USENIX Symposium on Networked Systems Design and Implementation (NSDI 18)},
  pages={65--80},
  year={2018}
}

@misc{fedorovQuantum,
  title={Quantum computers put blockchain security at risk},
  author={Fedorov, Aleksey K and Kiktenko, Evgeniy O and Lvovsky, Alexander I},
  year={2018},
  publisher={Nature Publishing Group}
}

@article{mavroeidisImpact,
  title={The impact of quantum computing on present cryptography},
  author={Mavroeidis, Vasileios and Vishi, Kamer and Zych, Mateusz D and J{\o}sang, Audun},
  journal={arXiv preprint arXiv:1804.00200},
  year={2018}
}

@article{fernandezTowards,
  title={Towards post-quantum blockchain: A review on blockchain cryptography resistant to quantum computing attacks},
  author={Fernandez-Carames, Tiago M and Fraga-Lamas, Paula},
  journal={IEEE access},
  volume={8},
  pages={21091--21116},
  year={2020},
  publisher={IEEE}
}

@article{kiktenkoQuantum,
  title={Quantum-secured blockchain},
  author={Kiktenko, Evgeniy O and Pozhar, Nikolay O and Anufriev, Maxim N and Trushechkin, Anton S and Yunusov, Ruslan R and Kurochkin, Yuri V and Lvovsky, AI and Fedorov, Aleksey K},
  journal={Quantum Science and Technology},
  volume={3},
  number={3},
  pages={035004},
  year={2018},
  publisher={IOP Publishing}
}

@article{ylihuumoCurrent,
  title={Where is current research on blockchain technology?—a systematic review},
  author={Yli-Huumo, Jesse and Ko, Deokyoon and Choi, Sujin and Park, Sooyong and Smolander, Kari},
  journal={PloS one},
  volume={11},
  number={10},
  pages={e0163477},
  year={2016},
  publisher={Public Library of Science San Francisco, CA USA}
}

@article{ivashinaBank,
  title={Bank lending during the financial crisis of 2008},
  author={Ivashina, Victoria and Scharfstein, David},
  journal={Journal of Financial economics},
  volume={97},
  number={3},
  pages={319--338},
  year={2010},
  publisher={Elsevier}
}

@inproceedings{abdulDistributed,
  title={A distributed trust model},
  author={Abdul-Rahman, Alfarez and Hailes, Stephen},
  booktitle={Proceedings of the 1997 workshop on New security paradigms},
  pages={48--60},
  year={1998}
}

@article{gramoliStandard,
  title={Blockchain standard: Can we reach consensus?},
  author={Gramoli, Vincent and Staples, Mark},
  journal={IEEE communications standards magazine},
  volume={2},
  number={3},
  pages={16--21},
  year={2018},
  publisher={IEEE}
}

@article{firdausRise,
  title={The rise of “blockchain”: bibliometric analysis of blockchain study},
  author={Firdaus, Ahmad and Razak, Mohd Faizal Ab and Feizollah, Ali and Hashem, Ibrahim Abaker Targio and Hazim, Mohamad and Anuar, Nor Badrul},
  journal={Scientometrics},
  volume={120},
  number={3},
  pages={1289--1331},
  year={2019},
  publisher={Springer}
}

@inproceedings{charapkoBridging,
  title={Bridging paxos and blockchain consensus},
  author={Charapko, Aleksey and Ailijiang, Ailidani and Demirbas, Murat},
  booktitle={2018 IEEE international conference on internet of things (iThings) and IEEE Green computing and communications (GreenCom) and IEEE cyber, physical and social computing (CPSCom) and IEEE smart data (SmartData)},
  pages={1545--1552},
  year={2018},
  organization={IEEE}
}

@inproceedings{ailijiangPaxos,
  title={Consensus in the cloud: Paxos systems demystified},
  author={Ailijiang, Ailidani and Charapko, Aleksey and Demirbas, Murat},
  booktitle={2016 25th International Conference on Computer Communication and Networks (ICCCN)},
  pages={1--10},
  year={2016},
  organization={IEEE}
}

@article{narayananPedigree,
  author = {Narayanan, Arvind and Clark, Jeremy},
  title = {Bitcoin's Academic Pedigree},
  year = {2017},
  issue_date = {December 2017},
  publisher = {Association for Computing Machinery},
  address = {New York, NY, USA},
  volume = {60},
  number = {12},
  issn = {0001-0782},
  url = {https://doi.org/10.1145/3132259},
  doi = {10.1145/3132259},
  abstract = {The concept of cryptocurrencies is built from forgotten ideas in research literature.},
  journal = {Commun. ACM},
  month = {nov},
  pages = {36–45},
  numpages = {10}
}

@article{tomicPermissioned,
  title={A review of consensus protocols in permissioned blockchains},
  author={Tomi{\'c}, Nenad Zoran},
  journal={Journal of Computer Science Research},
  volume={3},
  number={2},
  pages={32--39},
  year={2021}
}

@inproceedings{millerPermacoin,
  title={Permacoin: Repurposing bitcoin work for data preservation},
  author={Miller, Andrew and Juels, Ari and Shi, Elaine and Parno, Bryan and Katz, Jonathan},
  booktitle={2014 IEEE Symposium on Security and Privacy},
  pages={475--490},
  year={2014},
  organization={IEEE}
}

@article{kingPrimecoin,
  title={Primecoin: Cryptocurrency with prime number proof-of-work},
  author={King, Sunny},
  journal={July 7th},
  volume={1},
  number={6},
  year={2013},
  publisher={Citeseer}
}

### APPLICATIONS ###

@article{jaoudeApplications,
  title={Blockchain applications--usage in different domains},
  author={Jaoude, Joe Abou and Saade, Raafat George},
  journal={IEEE Access},
  volume={7},
  pages={45360--45381},
  year={2019},
  publisher={IEEE}
}

@inproceedings{mitaStablecoin,
  publisher = {IEEE},
  series = {2019 8th International Congress on Advanced Applied Informatics (IIAI-AAI)},
  title = {What is Stablecoin?: A Survey on Price Stabilization Mechanisms for Decentralized Payment Systems},
  year = {2019-7},
  author = {Mita, Makiko and Ito, Kensuke and Ohsawa, Shohei and Tanaka, Hideyuki},
  booktitle = {2019 8th International Congress on Advanced Applied Informatics (IIAI-AAI)},
  isbn = {1-7281-2628-2},
}

@article{liptonTether,
  title={From Tether to Libra: Stablecoins, Digital Currency and the Future of Money},
  author={Lipton, Alexander and Sardon, Aetienne and Sch{\"a}r, Fabian and Sch{\"u}pbach, Christian},
  journal={arXiv preprint arXiv:2005.12949},
  url={https://arxiv.org/pdf/2005.12949.pdf},
  year={2020}
}


@techreport{lyonsStable,
  title={What keeps stablecoins stable?},
  author={Lyons, Richard K and Viswanath-Natraj, Ganesh},
  year={2020},
  url={https://www.nber.org/system/files/working_papers/w27136/w27136.pdf},
  institution={National Bureau of Economic Research}
}

@techreport{eichengreenCommodity,
  title={From commodity to fiat and now to crypto: what does history tell us?},
  author={Eichengreen, Barry},
  year={2019},
  url={https://www.nber.org/system/files/working_papers/w25426/w25426.pdf},
  institution={National Bureau of Economic Research}
}

@incollection{yermackBitcoin,
  title={Is Bitcoin a real currency? An economic appraisal},
  author={Yermack, David},
  booktitle={Handbook of digital currency},
  pages={31--43},
  year={2015},
  url={https://www.nber.org/system/files/working_papers/w19747/w19747.pdf},
  publisher={Elsevier}
}

@article{steinmetzOwnership,
  title={Ownership, uses and perceptions of cryptocurrency: Results from a population survey},
  author={Steinmetz, Fred and von Meduna, Marc and Ante, Lennart and Fiedler, Ingo},
  journal={Technological Forecasting and Social Change},
  volume={173},
  pages={121073},
  year={2021},
  publisher={Elsevier}
}

@article{bullmannSearch,
  title={In search for stability in crypto-assets: are stablecoins the solution?},
  author={Bullmann, Dirk and Klemm, Jonas and Pinna, Andrea},
  journal={ECB Occasional Paper},
  year={2019},
  url={https://www.econstor.eu/bitstream/10419/207616/1/1676933492.pdf}
}

@article{carstensMoney,
  title={Money in the digital age: what role for central banks?},
  author={Carstens, Agust{\'\i}n},
  journal={lecture at the House of Finance, Goethe University, Frankfurt},
  volume={6},
  year={2018}
}

@inproceedings{merschVirtual,
  title={Virtual or virtueless? The evolution of money in the digital age},
  author={Mersch, Yves},
  booktitle={Lecture at the Official Monetary and Financial Institutions Forum, London},
  volume={8},
  year={2018}
}

@article{berentsenStablecoins,
  title={Stablecoins: The quest for a low-volatility cryptocurrency},
  author={Berentsen, Aleksander and Sch{\"a}r, Fabian},
  journal={The economics of Fintech and digital currencies},
  pages={65--75},
  year={2019},
  url={https://voxeu.org/system/files/epublication/Economics%20of%20Fintech%20and%20Digital%20Currencies_0.pdf#page=74},
  publisher={CEPR Press London, UK}
}

@article{baurHaven,
  title={A crypto safe haven against Bitcoin},
  author={Baur, Dirk G and Hoang, Lai T},
  journal={Finance Research Letters},
  volume={38},
  pages={101431},
  year={2021},
  publisher={Elsevier}
}

@article{weiGrants,
  title={The impact of Tether grants on Bitcoin},
  author={Wei, Wang Chun},
  journal={Economics Letters},
  volume={171},
  pages={19--22},
  year={2018},
  publisher={Elsevier}
}

@article{viriyasitavatIot,
  title={When blockchain meets Internet of Things: Characteristics, challenges, and business opportunities},
  author={Viriyasitavat, Wattana and Anuphaptrirong, Tharwon and Hoonsopon, Danupol},
  journal={Journal of industrial information integration},
  volume={15},
  pages={21--28},
  year={2019},
  publisher={Elsevier}
}

@article{reynaIntegration,
  title={On blockchain and its integration with IoT. Challenges and opportunities},
  author={Reyna, Ana and Mart{\'\i}n, Cristian and Chen, Jaime and Soler, Enrique and D{\'\i}az, Manuel},
  journal={Future generation computer systems},
  volume={88},
  pages={173--190},
  year={2018},
  publisher={Elsevier}
}

@article{sisinniIndustrial,
  title={Industrial internet of things: Challenges, opportunities, and directions},
  author={Sisinni, Emiliano and Saifullah, Abusayeed and Han, Song and Jennehag, Ulf and Gidlund, Mikael},
  journal={IEEE transactions on industrial informatics},
  volume={14},
  number={11},
  pages={4724--4734},
  year={2018},
  publisher={IEEE}
}

@inproceedings{kuzluPerformance,
  title={Performance analysis of a hyperledger fabric blockchain framework: throughput, latency and scalability},
  author={Kuzlu, Murat and Pipattanasomporn, Manisa and Gurses, Levent and Rahman, Saifur},
  booktitle={2019 IEEE international conference on blockchain (Blockchain)},
  pages={536--540},
  year={2019},
  organization={IEEE}
}

@article{hassijaSurvey,
  title={A survey on IoT security: application areas, security threats, and solution architectures},
  author={Hassija, Vikas and Chamola, Vinay and Saxena, Vikas and Jain, Divyansh and Goyal, Pranav and Sikdar, Biplab},
  journal={IEEE Access},
  volume={7},
  pages={82721--82743},
  year={2019},
  publisher={IEEE}
}

@inproceedings{korpelaDSC,
  title={Digital supply chain transformation toward blockchain integration},
  author={Korpela, Kari and Hallikas, Jukka and Dahlberg, Tomi},
  booktitle={proceedings of the 50th Hawaii international conference on system sciences},
  year={2017},
  url={https://scholarspace.manoa.hawaii.edu/server/api/core/bitstreams/57742ac0-0713-4cd4-b355-d921a3bbff7c/content}
}

@article{ivanovIntertwined,
  title={Viability of intertwined supply networks: extending the supply chain resilience angles towards survivability. A position paper motivated by COVID-19 outbreak},
  author={Ivanov, Dmitry and Dolgui, Alexandre},
  journal={International Journal of Production Research},
  volume={58},
  number={10},
  pages={2904--2915},
  year={2020},
  publisher={Taylor \& Francis},
  url={https://www.tandfonline.com/doi/pdf/10.1080/00207543.2020.1750727}
}

@article{panInteroperability,
  title={Digital interoperability in logistics and supply chain management: state-of-the-art and research avenues towards Physical Internet},
  author={Pan, Shenle and Trentesaux, Damien and McFarlane, Duncan and Montreuil, Benoit and Ballot, Eric and Huang, George Q},
  journal={Computers in industry},
  volume={128},
  pages={103435},
  year={2021},
  publisher={Elsevier}
}

@article{kimImpact,
  title={The impact of blockchain technology application on supply chain partnership and performance},
  author={Kim, Joon-Seok and Shin, Nina},
  journal={Sustainability},
  volume={11},
  number={21},
  pages={6181},
  year={2019},
  publisher={MDPI}
}

# Literature review, DSC
@article{buyukozkanDigital,
  title={Digital Supply Chain: Literature review and a proposed framework for future research},
  author={B{\"u}y{\"u}k{\"o}zkan, G{\"u}l{\c{c}}in and G{\"o}{\c{c}}er, Fethullah},
  journal={Computers in Industry},
  volume={97},
  pages={157--177},
  year={2018},
  publisher={Elsevier}
}

@article{santosOrganizational,
  title={Organizational boundaries and theories of organization},
  author={Santos, Filipe M and Eisenhardt, Kathleen M},
  journal={Organization science},
  volume={16},
  number={5},
  pages={491--508},
  year={2005},
  publisher={INFORMS}
}

@article{neubertCollaboration,
  title={Collaboration and integration through information technologies in supply chains},
  author={Neubert, Gilles and Ouzrout, Yacine and Bouras, Abdelaziz},
  journal={arXiv preprint arXiv:1811.01688},
  url={https://arxiv.org/pdf/1811.01688.pdf},
  year={2018}
}

# Foundational
@book{xuManaging,
  title={Managing digital enterprise: ten essential topics},
  author={Xu, Jun},
  year={2014},
  publisher={Springer}
}

# Foundational
@book{busslerB2b,
  title={B2B integration: Concepts and architecture},
  author={Bussler, Christoph},
  year={2003},
  publisher={Springer Science \& Business Media}
}

# Positive
@article{coleBlockchain,
  title={Blockchain technology: implications for operations and supply chain management},
  author={Cole, Rosanna and Stevenson, Mark and Aitken, James},
  journal={Supply Chain Management: An International Journal},
  year={2019},
  publisher={Emerald Publishing Limited}
}

# Positive
@inproceedings{hackiusLogistics,
  title={Blockchain in logistics and supply chain: trick or treat?},
  author={Hackius, Niels and Petersen, Moritz},
  booktitle={Digitalization in Supply Chain Management and Logistics: Smart and Digital Solutions for an Industry 4.0 Environment. Proceedings of the Hamburg International Conference of Logistics (HICL), Vol. 23},
  pages={3--18},
  year={2017},
  organization={Berlin: epubli GmbH}
}

# Literature review, DSC + blockchain
@article{duttaReview,
  title={Blockchain technology in supply chain operations: Applications, challenges and research opportunities},
  author={Dutta, Pankaj and Choi, Tsan-Ming and Somani, Surabhi and Butala, Richa},
  journal={Transportation research part e: Logistics and transportation review},
  volume={142},
  pages={102067},
  year={2020},
  publisher={Elsevier}
}

@article{wangDesigning,
  title={Designing a blockchain enabled supply chain},
  author={Wang, Yingli and Chen, Catherine Huirong and Zghari-Sales, Ahmed},
  journal={International Journal of Production Research},
  volume={59},
  number={5},
  pages={1450--1475},
  year={2021},
  publisher={Taylor \& Francis}
}

# Critical, empiric
@article{sternbergStruggle,
  title={The struggle is real: insights from a supply chain blockchain case},
  author={Sternberg, Henrik S and Hofmann, Erik and Roeck, Dominik},
  journal={Journal of Business Logistics},
  volume={42},
  number={1},
  pages={71--87},
  year={2021},
  publisher={Wiley Online Library}
}

# Critical, alternative technologies
@article{babichDistributed,
  title={OM Forum—Distributed ledgers and operations: What operations management researchers should know about blockchain technology},
  author={Babich, Volodymyr and Hilary, Gilles},
  journal={Manufacturing \& Service Operations Management},
  volume={22},
  number={2},
  pages={223--240},
  year={2020},
  publisher={INFORMS}
}

@article{rogersonFood,
  title={Blockchain: case studies in food supply chain visibility},
  author={Rogerson, Michael and Parry, Glenn C},
  journal={Supply Chain Management: An International Journal},
  volume={25},
  number={5},
  pages={601--614},
  year={2020},
  publisher={Emerald Publishing Limited}
}

@article{olearyConfiguring,
  title={Configuring blockchain architectures for transaction information in blockchain consortiums: The case of accounting and supply chain systems},
  author={O'Leary, Daniel E},
  journal={Intelligent Systems in Accounting, Finance and Management},
  volume={24},
  number={4},
  pages={138--147},
  year={2017},
  publisher={Wiley Online Library}
}